@inproceedings{quigley2009ros,
  title={ROS: an open-source Robot Operating System},
  author={Quigley, Morgan and Conley, Ken and Gerkey, Brian and Faust, Josh and Foote, Tully and Leibs, Jeremy and Wheeler, Rob and Ng, Andrew Y},
  booktitle={ICRA workshop on open source software},
  volume={3},
  number={3.2},
  pages={5},
  year={2009},
  organization={Kobe}
}
@misc{rviz,
  key = {rviz},
  title = {rviz: A 3D visualization environment for robots using ROS},
  howpublished = {\url{http://wiki.ros.org/rviz}},
  author = {ROS.org}
}
@article{shapiro2001computer,
  title={Computer vision. 2001},
  author={Shapiro, Linda and Stockman, George C},
  journal={ed: Prentice Hall},
  year={2001}
}
@inproceedings{yamauchi1997frontier,
  title={A frontier-based approach for autonomous exploration},
  author={Yamauchi, Brian},
  booktitle={Computational Intelligence in Robotics and Automation, 1997. CIRA'97., Proceedings., 1997 IEEE International Symposium on},
  pages={146--151},
  year={1997},
  organization={IEEE}
}
@phdthesis{etsardou-phd,
  title={Ενοποιημένο σύστημα ενός ή πολλαπλών ρομπότ για την πλοήγηση και εξερεύνηση σε αστικό περιβάλλον με σκοπό τον εντοπισμό ανθρώπινης ζωής (USAR)},
  author={Τσαρδούλιας, Εμμανουήλ},
  year={2013},
  school={Αριστοτέλειο Πανεπιστήμιο Θεσσαλονίκης (ΑΠΘ). Σχολή Πολυτεχνική. Τμήμα Ηλεκτρολόγων Μηχανικών και Μηχανικών Υπολογιστών}
}
@article{tsardoulias2016cost,
  title={Cost-Based Target Selection Techniques Towards Full Space Exploration and Coverage for USAR Applications in a Priori Unknown Environments},
  author={Tsardoulias, EG and Iliakopoulou, A and Kargakos, A and Petrou, L},
  journal={Journal of Intelligent \& Robotic Systems},
  pages={1--28},
  year={2016},
  publisher={Springer}
}
@article{scipy,
  title={others. SciPy: Open source scientific tools for Python. 2001},
  author={Jones, Eric and Oliphant, Travis and Peterson, Pearu},
  journal={URL http://www. scipy. org},
  year={2016}
}
@article{numpy,
  title={NumPy},
  author={Developers, NumPy},
  journal={NumPy Numpy. Scipy Developers},
  year={2013}
}
